<?xml version='1.0'?>
<collection xmlns='http://www.loc.gov/MARC21/slim' xmlns:xsi='http://www.w3.org/2001/XMLSchema-instance' xsi:schemaLocation='http://www.loc.gov/MARC21/slim http://www.loc.gov/standards/marcxml/schema/MARC21slim.xsd'>
<record>
  <leader>00000cas a2200637Ia 4500</leader>
  <controlfield tag='001'>1681334</controlfield>
  <controlfield tag='005'>19880104000000.0</controlfield>
  <controlfield tag='008'>880104d19521974sp bx|p      f0   b0spa  </controlfield>
  <datafield tag='010' ind1=' ' ind2=' '>
    <subfield code='a'>55026640</subfield>
  </datafield>
  <datafield tag='019' ind1=' ' ind2=' '>
    <subfield code='a'>1696427</subfield>
  </datafield>
  <datafield tag='022' ind1=' ' ind2=' '>
    <subfield code='a'>0012-3145</subfield>
    <subfield code='y'>0038-6383</subfield>
  </datafield>
  <datafield tag='040' ind1=' ' ind2=' '>
    <subfield code='a'>DLC</subfield>
    <subfield code='c'>MUL</subfield>
    <subfield code='d'>IXA</subfield>
    <subfield code='d'>NYG</subfield>
    <subfield code='d'>AIP</subfield>
    <subfield code='d'>OCL</subfield>
    <subfield code='d'>NSD</subfield>
    <subfield code='d'>m/c</subfield>
    <subfield code='d'>NOC</subfield>
  </datafield>
  <datafield tag='042' ind1=' ' ind2=' '>
    <subfield code='a'>nsdp</subfield>
  </datafield>
  <datafield tag='050' ind1='0' ind2=' '>
    <subfield code='a'>CD19</subfield>
    <subfield code='b'>.S65</subfield>
  </datafield>
  <datafield tag='110' ind1='1' ind2=' '>
    <subfield code='a'>Spain.</subfield>
    <subfield code='b'>Dirección General de Archivos y Bibliotecas.</subfield>
  </datafield>
  <datafield tag='245' ind1='1' ind2='0'>
    <subfield code='a'>Boletín</subfield>
    <subfield code='h'>[serial] /</subfield>
    <subfield code='c'>Direccíon General de Archivos y Bibliotecas.</subfield>
  </datafield>
  <datafield tag='246' ind1='3' ind2='3'>
    <subfield code='a'>Boletín de la Dirección General de Archivos y Bibliotecas</subfield>
  </datafield>
  <datafield tag='260' ind1=' ' ind2=' '>
    <subfield code='a'>Madrid :</subfield>
    <subfield code='b'>La Dirección,</subfield>
    <subfield code='c'>1952-</subfield>
  </datafield>
  <datafield tag='300' ind1=' ' ind2=' '>
    <subfield code='a'>v. :</subfield>
    <subfield code='b'>ill., ports., facsims. ;</subfield>
    <subfield code='c'>28 cm.</subfield>
  </datafield>
  <datafield tag='310' ind1=' ' ind2=' '>
    <subfield code='a'>Eight no. a year</subfield>
  </datafield>
  <datafield tag='362' ind1='1' ind2=' '>
    <subfield code='a'>Began with: año. 1, no. 1 (1952).</subfield>
  </datafield>
  <datafield tag='510' ind1='2' ind2=' '>
    <subfield code='a'>America, history and life</subfield>
  </datafield>
  <datafield tag='510' ind1='2' ind2=' '>
    <subfield code='a'>Historical abstracts</subfield>
  </datafield>
  <datafield tag='555' ind1=' ' ind2=' '>
    <subfield code='a'>No. 1 (1952)-no. 62 (1961) (issued as v. 11, no. 66).</subfield>
  </datafield>
  <datafield tag='650' ind1=' ' ind2='0'>
    <subfield code='a'>Archives</subfield>
    <subfield code='v'>Periodicals.</subfield>
  </datafield>
  <datafield tag='650' ind1=' ' ind2='0'>
    <subfield code='a'>Library science</subfield>
    <subfield code='v'>Periodicals.</subfield>
  </datafield>
  <datafield tag='907' ind1=' ' ind2=' '>
    <subfield code='a'>b1315368</subfield>
  </datafield>
  <datafield tag='999' ind1='9' ind2='1'>
    <subfield code='i'>i1667779</subfield>
    <subfield code='l'>trln</subfield>
    <subfield code='s'>-</subfield>
    <subfield code='t'>2</subfield>
    <subfield code='c'>1</subfield>
    <subfield code='o'>0</subfield>
    <subfield code='b'>00022090577</subfield>
    <subfield code='v'>ano 1(1952:1-8)</subfield>
    <subfield code='n'>incomplete</subfield>
  </datafield>
  <datafield tag='999' ind1='9' ind2='1'>
    <subfield code='i'>i1667780</subfield>
    <subfield code='l'>trln</subfield>
    <subfield code='s'>-</subfield>
    <subfield code='t'>2</subfield>
    <subfield code='c'>1</subfield>
    <subfield code='o'>0</subfield>
    <subfield code='b'>00022090586</subfield>
    <subfield code='v'>ano 2(1953:9-16)</subfield>
  </datafield>
  <datafield tag='999' ind1='9' ind2='1'>
    <subfield code='i'>i1667781</subfield>
    <subfield code='l'>trln</subfield>
    <subfield code='s'>-</subfield>
    <subfield code='t'>2</subfield>
    <subfield code='c'>1</subfield>
    <subfield code='o'>0</subfield>
    <subfield code='b'>00022090595</subfield>
    <subfield code='v'>ano 3(1954:17-24)</subfield>
  </datafield>
  <datafield tag='999' ind1='9' ind2='1'>
    <subfield code='i'>i1667782</subfield>
    <subfield code='l'>trln</subfield>
    <subfield code='s'>-</subfield>
    <subfield code='t'>2</subfield>
    <subfield code='c'>1</subfield>
    <subfield code='o'>0</subfield>
    <subfield code='b'>00022090602</subfield>
    <subfield code='v'>ano 4(1955:25-35)</subfield>
  </datafield>
  <datafield tag='999' ind1='9' ind2='1'>
    <subfield code='i'>i1667783</subfield>
    <subfield code='l'>trln</subfield>
    <subfield code='s'>-</subfield>
    <subfield code='t'>2</subfield>
    <subfield code='c'>1</subfield>
    <subfield code='o'>0</subfield>
    <subfield code='b'>00022090611</subfield>
    <subfield code='v'>ano 5(1956:36-40)</subfield>
  </datafield>
  <datafield tag='999' ind1='9' ind2='1'>
    <subfield code='i'>i1667784</subfield>
    <subfield code='l'>trln</subfield>
    <subfield code='s'>-</subfield>
    <subfield code='t'>2</subfield>
    <subfield code='c'>1</subfield>
    <subfield code='o'>0</subfield>
    <subfield code='b'>00022090620</subfield>
    <subfield code='v'>ano 6(1957:41-44)</subfield>
  </datafield>
  <datafield tag='999' ind1='9' ind2='1'>
    <subfield code='i'>i1667785</subfield>
    <subfield code='l'>trln</subfield>
    <subfield code='s'>-</subfield>
    <subfield code='t'>2</subfield>
    <subfield code='c'>1</subfield>
    <subfield code='o'>0</subfield>
    <subfield code='b'>00022090639</subfield>
    <subfield code='v'>ano 7(1958:45-48)</subfield>
  </datafield>
  <datafield tag='999' ind1='9' ind2='1'>
    <subfield code='i'>i1667786</subfield>
    <subfield code='l'>trln</subfield>
    <subfield code='s'>-</subfield>
    <subfield code='t'>2</subfield>
    <subfield code='c'>1</subfield>
    <subfield code='o'>0</subfield>
    <subfield code='b'>00022090648</subfield>
    <subfield code='v'>ano 8(1959:49-52)</subfield>
  </datafield>
  <datafield tag='999' ind1='9' ind2='1'>
    <subfield code='i'>i1667787</subfield>
    <subfield code='l'>trln</subfield>
    <subfield code='s'>-</subfield>
    <subfield code='t'>2</subfield>
    <subfield code='c'>1</subfield>
    <subfield code='o'>0</subfield>
    <subfield code='b'>00022090657</subfield>
    <subfield code='v'>ano 9(1960:53-56)</subfield>
  </datafield>
  <datafield tag='999' ind1='9' ind2='1'>
    <subfield code='i'>i1667788</subfield>
    <subfield code='l'>trln</subfield>
    <subfield code='s'>-</subfield>
    <subfield code='t'>2</subfield>
    <subfield code='c'>1</subfield>
    <subfield code='o'>0</subfield>
    <subfield code='b'>00022090666</subfield>
    <subfield code='v'>ano 10(1961:57-62)</subfield>
  </datafield>
  <datafield tag='999' ind1='9' ind2='1'>
    <subfield code='i'>i1667789</subfield>
    <subfield code='l'>trln</subfield>
    <subfield code='s'>-</subfield>
    <subfield code='t'>2</subfield>
    <subfield code='c'>1</subfield>
    <subfield code='o'>0</subfield>
    <subfield code='b'>00022090675</subfield>
    <subfield code='v'>ano 11(1962:63-65)</subfield>
  </datafield>
  <datafield tag='999' ind1='9' ind2='1'>
    <subfield code='i'>i1667790</subfield>
    <subfield code='l'>trln</subfield>
    <subfield code='s'>-</subfield>
    <subfield code='t'>2</subfield>
    <subfield code='c'>1</subfield>
    <subfield code='o'>0</subfield>
    <subfield code='b'>00022090684</subfield>
    <subfield code='v'>ano 11(1962:67-68)</subfield>
  </datafield>
  <datafield tag='999' ind1='9' ind2='1'>
    <subfield code='i'>i1667791</subfield>
    <subfield code='l'>trln</subfield>
    <subfield code='s'>-</subfield>
    <subfield code='t'>2</subfield>
    <subfield code='c'>1</subfield>
    <subfield code='o'>0</subfield>
    <subfield code='b'>00022090693</subfield>
    <subfield code='v'>ano 12(1963:69-74)</subfield>
  </datafield>
  <datafield tag='999' ind1='9' ind2='1'>
    <subfield code='i'>i1667792</subfield>
    <subfield code='l'>trln</subfield>
    <subfield code='s'>-</subfield>
    <subfield code='t'>2</subfield>
    <subfield code='c'>1</subfield>
    <subfield code='o'>0</subfield>
    <subfield code='b'>00022090700</subfield>
    <subfield code='v'>ano 13(1964:75-80)</subfield>
  </datafield>
  <datafield tag='999' ind1='9' ind2='1'>
    <subfield code='i'>i1667793</subfield>
    <subfield code='l'>trln</subfield>
    <subfield code='s'>-</subfield>
    <subfield code='t'>2</subfield>
    <subfield code='c'>1</subfield>
    <subfield code='o'>0</subfield>
    <subfield code='b'>00022090719</subfield>
    <subfield code='v'>ano 14(1965:81-86)</subfield>
  </datafield>
  <datafield tag='999' ind1='9' ind2='1'>
    <subfield code='i'>i1667794</subfield>
    <subfield code='l'>trln</subfield>
    <subfield code='s'>-</subfield>
    <subfield code='t'>2</subfield>
    <subfield code='c'>1</subfield>
    <subfield code='o'>0</subfield>
    <subfield code='b'>00022090728</subfield>
    <subfield code='v'>ano 15(1966:87-92)</subfield>
  </datafield>
  <datafield tag='999' ind1='9' ind2='1'>
    <subfield code='i'>i1667795</subfield>
    <subfield code='l'>trln</subfield>
    <subfield code='s'>-</subfield>
    <subfield code='t'>2</subfield>
    <subfield code='c'>1</subfield>
    <subfield code='o'>0</subfield>
    <subfield code='b'>00022090737</subfield>
    <subfield code='v'>ano 16(1967:93-98)</subfield>
  </datafield>
  <datafield tag='999' ind1='9' ind2='1'>
    <subfield code='i'>i1667796</subfield>
    <subfield code='l'>trln</subfield>
    <subfield code='s'>-</subfield>
    <subfield code='t'>2</subfield>
    <subfield code='c'>1</subfield>
    <subfield code='o'>0</subfield>
    <subfield code='b'>00022090746</subfield>
    <subfield code='v'>ano 17(1968:99-104)</subfield>
  </datafield>
  <datafield tag='999' ind1='9' ind2='1'>
    <subfield code='i'>i1667797</subfield>
    <subfield code='l'>trln</subfield>
    <subfield code='s'>-</subfield>
    <subfield code='t'>2</subfield>
    <subfield code='c'>1</subfield>
    <subfield code='o'>0</subfield>
    <subfield code='b'>00022090755</subfield>
    <subfield code='v'>ano 18(1969:105-110)</subfield>
  </datafield>
  <datafield tag='999' ind1='9' ind2='1'>
    <subfield code='i'>i1667798</subfield>
    <subfield code='l'>trln</subfield>
    <subfield code='s'>-</subfield>
    <subfield code='t'>2</subfield>
    <subfield code='c'>1</subfield>
    <subfield code='o'>0</subfield>
    <subfield code='b'>00022090764</subfield>
    <subfield code='v'>ano 19(1970:111-116)</subfield>
  </datafield>
  <datafield tag='999' ind1='9' ind2='1'>
    <subfield code='i'>i1667799</subfield>
    <subfield code='l'>trln</subfield>
    <subfield code='s'>-</subfield>
    <subfield code='t'>2</subfield>
    <subfield code='c'>1</subfield>
    <subfield code='o'>0</subfield>
    <subfield code='b'>00022090773</subfield>
    <subfield code='v'>ano 20(1971:117-122)</subfield>
  </datafield>
  <datafield tag='999' ind1='9' ind2='1'>
    <subfield code='i'>i1667800</subfield>
    <subfield code='l'>trln</subfield>
    <subfield code='s'>-</subfield>
    <subfield code='t'>2</subfield>
    <subfield code='c'>1</subfield>
    <subfield code='o'>0</subfield>
    <subfield code='b'>00022090782</subfield>
    <subfield code='v'>ano 21(1972:123-128)</subfield>
  </datafield>
  <datafield tag='999' ind1='9' ind2='1'>
    <subfield code='i'>i1667801</subfield>
    <subfield code='l'>trln</subfield>
    <subfield code='s'>-</subfield>
    <subfield code='t'>2</subfield>
    <subfield code='c'>1</subfield>
    <subfield code='o'>0</subfield>
    <subfield code='b'>00022090791</subfield>
    <subfield code='v'>ano 22(1973:129-134)</subfield>
  </datafield>
  <datafield tag='999' ind1='9' ind2='1'>
    <subfield code='i'>i1667802</subfield>
    <subfield code='l'>trln</subfield>
    <subfield code='s'>-</subfield>
    <subfield code='t'>2</subfield>
    <subfield code='c'>1</subfield>
    <subfield code='o'>0</subfield>
    <subfield code='b'>00022090808</subfield>
    <subfield code='v'>ano 23(1974:135-136)</subfield>
  </datafield>
  <datafield tag='999' ind1='9' ind2='1'>
    <subfield code='i'>i7515610</subfield>
    <subfield code='l'>trln</subfield>
    <subfield code='s'>-</subfield>
    <subfield code='t'>2</subfield>
    <subfield code='c'>1</subfield>
    <subfield code='o'>0</subfield>
    <subfield code='b'>00025914841</subfield>
    <subfield code='v'>Index nos.1-62(1952-1961)</subfield>
  </datafield>
  <datafield tag='999' ind1='9' ind2='2'>
    <subfield code='a'>c1360005</subfield>
    <subfield code='b'>trln</subfield>
    <subfield code='c'>0</subfield>
  </datafield>
  <datafield tag='999' ind1='9' ind2='3'>
    <subfield code='0'>c1360005</subfield>
    <subfield code='2'>852</subfield>
    <subfield code='3'>c</subfield>
    <subfield code='b'>574433</subfield>
    <subfield code='x'>Trf 7/08 fr SILS-taa</subfield>
  </datafield>
  <datafield tag='999' ind1='9' ind2='3'>
    <subfield code='0'>c1360005</subfield>
    <subfield code='2'>853</subfield>
    <subfield code='3'>y</subfield>
    <subfield code='8'>1</subfield>
    <subfield code='a'>año </subfield>
    <subfield code='i'>(year)</subfield>
    <subfield code='g'>no.</subfield>
  </datafield>
  <datafield tag='999' ind1='9' ind2='3'>
    <subfield code='0'>c1360005</subfield>
    <subfield code='2'>855</subfield>
    <subfield code='3'>y</subfield>
    <subfield code='8'>1</subfield>
    <subfield code='a'>no.</subfield>
    <subfield code='i'>(year)</subfield>
  </datafield>
  <datafield tag='999' ind1='9' ind2='3'>
    <subfield code='0'>c1360005</subfield>
    <subfield code='2'>863</subfield>
    <subfield code='3'>h</subfield>
    <subfield code='8'>1.1</subfield>
    <subfield code='a'>1</subfield>
    <subfield code='i'>1952</subfield>
    <subfield code='b'>1-8</subfield>
    <subfield code='z'>incomplete</subfield>
  </datafield>
  <datafield tag='999' ind1='9' ind2='3'>
    <subfield code='0'>c1360005</subfield>
    <subfield code='2'>863</subfield>
    <subfield code='3'>h</subfield>
    <subfield code='8'>1.2</subfield>
    <subfield code='a'>2-23</subfield>
    <subfield code='i'>1953-1974</subfield>
  </datafield>
  <datafield tag='999' ind1='9' ind2='3'>
    <subfield code='0'>c1360005</subfield>
    <subfield code='2'>865</subfield>
    <subfield code='3'>h</subfield>
    <subfield code='8'>1.3</subfield>
    <subfield code='a'>1-62</subfield>
    <subfield code='i'>1952-1961</subfield>
  </datafield>
  <datafield tag='999' ind1='0' ind2='0'>
    <subfield code='a'>2004-10-01 00:00:00-04</subfield>
    <subfield code='c'>2004-09-27 18:44:00-04</subfield>
    <subfield code='u'>2017-12-01 10:12:26-05</subfield>
  </datafield>
</record>
</collection>
